%% This BibTeX bibliography file was created using BibDesk.
%% http://bibdesk.sourceforge.net/


%% Created for Giovanni Bianchi at 2014-06-12 15:17:30 +0200 


%% Saved with string encoding Unicode (UTF-8) 


@preamble{"\newcommand{\Christoph}{Ch}"}



@article{rossi2012adaptive,
	Author = {Rossi, Dino and Nagy, Zolt{\'a}n and Schlueter, Arno},
	Date-Added = {2014-06-12 11:54:17 +0000},
	Date-Modified = {2014-06-12 11:54:17 +0000},
	Journal = {International Journal of Architectural Computing},
	Number = {3},
	Pages = {341--360},
	Publisher = {Multi-Science},
	Title = {Adaptive Distributed Robotics for Environmental Performance, Occupant Comfort and Architectural Expression},
	Volume = {10},
	Year = {2012}}

@url{cite-key,
	Date-Added = {2014-06-12 11:53:21 +0000},
	Date-Modified = {2014-06-12 11:53:36 +0000}}

@book{Glocker2001,
	Address = {Berlin},
	Author = {Glocker, {\Christoph}},
	Publisher = {Springer-Verlag},
	Series = {Lecture Notes in Applied Mechanics},
	Title = {Set-Valued Force Laws, Dynamics of Non-Smooth Systems},
	Volume = {1},
	Year = {2001}}

@incollection{Glocker2006,
	Author = {Glocker, {\Christoph}},
	Booktitle = {Nonsmooth mechanics of solids},
	Crossref = {Haslinger&Stavroulakis2006},
	Pages = {45-101},
	Publisher = {Springer},
	Title = {An introduction to impacts},
	Year = {2006}}

@phdthesis{Leine2006,
	Address = {Switzerland},
	Author = {Leine, R.~I.},
	School = {ETH Zurich},
	Title = {On the stability of motion in non-smooth mechanical systems},
	Type = {{Habilitation thesis}},
	Year = {2006}}

@article{Leine&vandeWouw2007,
	Author = {Leine, R.~I. and van de Wouw, N.},
	Journal = {International Journal of Nonlinear Dynamics and Chaos in Engineering Systems},
	Note = {online},
	Title = {Stability Properties of Equilibrium Sets of Nonlinear Mechanical Systems with Dry Friction and Impact},
	Year = {2007}}
