%% This BibTeX bibliography file was created using BibDesk.
%% http://bibdesk.sourceforge.net/


%% Created for Jeremias at 2015-12-03 16:23:52 +0100 


%% Saved with string encoding Unicode (UTF-8) 



@article{lollini10,
	Author = {R. Lollini and L. Danza and I. Meroni},
	Date-Added = {2015-12-03 15:22:34 +0000},
	Date-Modified = {2015-12-03 15:23:46 +0000},
	Doi = {http://dx.doi.org/10.1016/j.solener.2009.12.006},
	Issn = {0038-092X},
	Journal = {Solar Energy},
	Keywords = {Ventilated window},
	Note = {International Conference \{CISBAT\} 2007},
	Number = {4},
	Pages = {526 - 537},
	Title = {Energy efficiency of a dynamic glazing system},
	Url = {http://www.sciencedirect.com/science/article/pii/S0038092X09002977},
	Volume = {84},
	Year = {2010},
	Bdsk-Url-1 = {http://www.sciencedirect.com/science/article/pii/S0038092X09002977},
	Bdsk-Url-2 = {http://dx.doi.org/10.1016/j.solener.2009.12.006}}

@article{loonen13,
	Author = {R.C.G.M. Loonen and M. Tr{\v c}ka and D. C{\'o}stola and J.L.M. Hensen},
	Date-Added = {2015-12-02 11:15:13 +0000},
	Date-Modified = {2015-12-02 12:03:57 +0000},
	Doi = {http://dx.doi.org/10.1016/j.rser.2013.04.016},
	Issn = {1364-0321},
	Journal = {Renewable and Sustainable Energy Reviews},
	Keywords = {Responsive architecture},
	Pages = {483 - 493},
	Title = {Climate adaptive building shells: State-of-the-art and future challenges},
	Url = {http://www.sciencedirect.com/science/article/pii/S1364032113002670},
	Volume = {25},
	Year = {2013},
	Bdsk-Url-1 = {http://www.sciencedirect.com/science/article/pii/S1364032113002670},
	Bdsk-Url-2 = {http://dx.doi.org/10.1016/j.rser.2013.04.016}}

@misc{enerdata,
	Author = {Nathalie Desbrosses and Pascal Charriau},
	Date-Added = {2015-11-02 10:51:02 +0000},
	Date-Modified = {2015-11-02 10:54:07 +0000},
	Howpublished = {http://www.enerdata.net/enerdatauk/press-and-publication/publications/},
	Title = {2014 Global Energy Trends},
	Year = {2015}}
